@misc{Meldrum2000AStandard,
    title = {{A brief history of the randomized controlled trial: From oranges and lemons to the gold standard}},
    year = {2000},
    booktitle = {Hematology/Oncology Clinics of North America},
    author = {Meldrum, Marcia L.},
    number = {4},
    pages = {745--760},
    volume = {14},
    publisher = {W.B. Saunders},
    doi = {10.1016/S0889-8588(05)70309-9},
    issn = {08898588},
    pmid = {10949771}
}

@techreport{Miazhynskaia2003AModels,
    title = {{A Comparison of Bayesian Model Selection based on MCMC with an application to GARCH-Type Models}},
    year = {2003},
    author = {Miazhynskaia, Tatiana and Fr{\"{u}}hwirth, Sylvia and Fr{\"{u}}hwirth-Schnatter, FrÂ¨ and Dorffner, Georg},
    url = {http://www.wu-wien.ac.at/am},
    isbn = {43732.24689846}
}

@incollection{Hill2005AAnalyses,
    title = {{A Comparison of Experimental and Observational Data Analyses}},
    year = {2005},
    author = {Hill, Jennifer L. and Reiter, Jerome P. and Zanutto, Elaine L.},
    month = {7},
    pages = {49--60},
    url = {http://doi.wiley.com/10.1002/0470090456.ch5},
    doi = {10.1002/0470090456.ch5}
}

@article{Kallus2016AInference,
    title = {{A Framework for Optimal Matching for Causal Inference}},
    year = {2016},
    author = {Kallus, Nathan},
    month = {6},
    url = {http://arxiv.org/abs/1606.05188},
    arxivId = {1606.05188}
}

@techreport{Tian2002AEffects,
    title = {{A General Identification Condition for Causal Effects}},
    year = {2002},
    author = {Tian, Jin and Pearl, Judea},
    url = {www.aaai.org}
}

@article{Chen2017AScoring,
    title = {{A general statistical framework for subgroup identification and comparative treatment scoring}},
    year = {2017},
    journal = {Biometrics},
    author = {Chen, Shuai and Tian, Lu and Cai, Tianxi and Yu, Menggang},
    number = {4},
    pages = {1199--1209},
    volume = {73},
    publisher = {Blackwell Publishing Inc.},
    doi = {10.1111/biom.12676},
    issn = {15410420},
    pmid = {28211943},
    keywords = {A-learning, Individualized treatment rules, Observational studies, Propensity score, Regularization}
}

@techreport{Horvitz1952AUniverse,
    title = {{A Generalization of Sampling Without Replacement From a Finite Universe}},
    year = {1952},
    booktitle = {Source: Journal of the American Statistical Association},
    author = {Horvitz, D G and Thompson, D J},
    number = {260},
    pages = {663--685},
    volume = {47}
}

@article{Taddy2016AExperimentation,
    title = {{A Nonparametric Bayesian Analysis of Heterogenous Treatment Effects in Digital Experimentation}},
    year = {2016},
    journal = {Journal of Business and Economic Statistics},
    author = {Taddy, Matt and Gardner, Matt and Chen, Liyun and Draper, David},
    number = {4},
    month = {10},
    pages = {661--672},
    volume = {34},
    publisher = {American Statistical Association},
    doi = {10.1080/07350015.2016.1172013},
    issn = {15372707},
    arxivId = {1412.8563},
    keywords = {Apache Spark, Average treatment effect (ATE), Bayesian bootstrap, Big Data, Treatment-covariate interactions}
}

@misc{AMicrosoft,
    title = {{A Simple Guide to Doubly Robust Estimation | Amit Sharma | Researcher at Microsoft}},
    url = {http://www.amitsharma.in/post/doubly-robust-estimation-a-simple-guide/}
}

@article{Tian2014ACovariates,
    title = {{A Simple Method for Estimating Interactions Between a Treatment and a Large Number of Covariates}},
    year = {2014},
    journal = {Journal of the American Statistical Association},
    author = {Tian, Lu and Alizadeh, Ash A. and Gentles, Andrew J. and Tibshirani, Robert},
    number = {508},
    month = {10},
    pages = {1517--1532},
    volume = {109},
    publisher = {American Statistical Association},
    doi = {10.1080/01621459.2014.951443},
    issn = {1537274X},
    pmid = {25729117},
    arxivId = {1212.2995},
    keywords = {Efficiency augmentation, Modified covariates, Personalized medicine, Randomized clinical trial, Subgroup analysis}
}

@techreport{Guo2019AMethods,
    title = {{A Survey of Learning Causality with Data: Problems and Methods}},
    year = {2019},
    booktitle = {A Survey of Learning Causality with Data: Problems and Methods. ACM Trans. Web},
    author = {Guo, Ruocheng and Cheng, L U and Li, Jundong and Hahn, P Richard and Liu, Huan and Cheng, Lu},
    pages = {36},
    volume = {9},
    url = {https://github.com/rguo12/awesome-causality-algorithms},
    arxivId = {1809.09337v3}
}

@article{Shi2019AdaptingEffects,
    title = {{Adapting Neural Networks for the Estimation of Treatment Effects}},
    year = {2019},
    author = {Shi, Claudia and Blei, David M. and Veitch, Victor},
    month = {6},
    url = {http://arxiv.org/abs/1906.02120},
    arxivId = {1906.02120}
}

@article{Scharfstein1999AdjustingRejoinder,
    title = {{Adjusting for Nonignorable Drop-Out Using Semiparametric Nonresponse Models: Rejoinder}},
    year = {1999},
    journal = {Journal of the American Statistical Association},
    author = {Scharfstein, Daniel O. and Rotnitzky, Andrea and Robins, James M.},
    number = {448},
    month = {12},
    pages = {1135},
    volume = {94},
    publisher = {JSTOR},
    doi = {10.2307/2669930},
    issn = {01621459}
}

@techreport{Ozery-FlatoAdversarialInference,
    title = {{Adversarial Balancing for Causal Inference}},
    author = {Ozery-Flato, Michal and Thodoroff, Pierre and Ninio, Matan and Rosen-Zvi, Michal and El-Hay, Tal},
    arxivId = {1810.07406v2}
}

@techreport{Du2019AdversarialData,
    title = {{Adversarial Balancing-based Representation Learning for Causal Effect Inference with Observational Data}},
    year = {2019},
    author = {Du, Xin and Duivesteijn, Wouter and Nikolaev, Alexander and Pechenizkiy, Mykola},
    arxivId = {1904.13335v1}
}

@misc{Akelleh/causality:Analysis,
    title = {{akelleh/causality: Tools for causal analysis}},
    url = {https://github.com/akelleh/causality}
}

@article{Mehta2014AnLearning,
    title = {{An exact mapping between the Variational Renormalization Group and Deep Learning}},
    year = {2014},
    author = {Mehta, Pankaj and Schwab, David J.},
    month = {10},
    url = {http://arxiv.org/abs/1410.3831},
    arxivId = {1410.3831}
}

@techreport{Huber2019AnEvaluation,
    title = {{An introduction to flexible methods for policy evaluation}},
    year = {2019},
    author = {Huber, Martin},
    arxivId = {1910.00641v1},
    keywords = {C26, C29, Policy evaluation, changes-in-changes, difference-in-differences, experiment, instrument, machine learning, regression discontinuity design, regression kink design JEL classification: C21, selection on observables, treatment effects}
}

@article{Austin2011AnStudies,
    title = {{An introduction to propensity score methods for reducing the effects of confounding in observational studies}},
    year = {2011},
    journal = {Multivariate Behavioral Research},
    author = {Austin, Peter C.},
    number = {3},
    month = {5},
    pages = {399--424},
    volume = {46},
    doi = {10.1080/00273171.2011.568786},
    issn = {00273171}
}

@article{Athey2018ApproximateDimensions,
    title = {{Approximate residual balancing: debiased inference of average treatment effects in high dimensions}},
    year = {2018},
    journal = {Journal of the Royal Statistical Society. Series B: Statistical Methodology},
    author = {Athey, Susan and Imbens, Guido W. and Wager, Stefan},
    number = {4},
    month = {9},
    pages = {597--623},
    volume = {80},
    publisher = {Blackwell Publishing Ltd},
    doi = {10.1111/rssb.12268},
    issn = {14679868},
    keywords = {Causal inference, Potential outcomes, Propensity score, Sparse estimation}
}

@article{SATO2012ArtificialModel,
    title = {{Artificial Neural Networks and Statistical Model}},
    year = {2012},
    journal = {Japanese journal of applied statistics},
    author = {SATO, Yoshiharu},
    number = {2},
    pages = {77--88},
    volume = {24},
    doi = {10.5023/jappstat.24.77},
    issn = {0285-0370}
}

@article{Kern2016AssessingPopulations,
    title = {{Assessing Methods for Generalizing Experimental Impact Estimates to Target Populations}},
    year = {2016},
    journal = {Journal of Research on Educational Effectiveness},
    author = {Kern, Holger L. and Stuart, Elizabeth A. and Hill, Jennifer and Green, Donald P.},
    number = {1},
    month = {1},
    pages = {103--127},
    volume = {9},
    publisher = {Routledge},
    doi = {10.1080/19345747.2015.1060282},
    issn = {19345739},
    keywords = {Bayesian Additive Regression Trees external validity generalizability propensity score weighting}
}

@article{Kern2016AssessingPopulationsb,
    title = {{Assessing Methods for Generalizing Experimental Impact Estimates to Target Populations}},
    year = {2016},
    journal = {Journal of Research on Educational Effectiveness},
    author = {Kern, Holger L. and Stuart, Elizabeth A. and Hill, Jennifer and Green, Donald P.},
    number = {1},
    month = {1},
    pages = {103--127},
    volume = {9},
    publisher = {Routledge},
    doi = {10.1080/19345747.2015.1060282},
    issn = {19345739},
    keywords = {Bayesian Additive Regression Trees external validity generalizability propensity score weighting}
}

@article{Dorie2019Automated1,
    title = {{Automated versus Do-It-Yourself Methods for Causal Inference: Lessons Learned from a Data Analysis Competition 1}},
    year = {2019},
    journal = {Statistical Science},
    author = {Dorie, Vincent and Hill, Jennifer and Shalit, Uri and Scott, Marc and Cervone, Dan},
    number = {1},
    pages = {43--68},
    volume = {34},
    url = {https://doi.org/10.1214/18-STS667},
    doi = {10.1214/18-STS667},
    keywords = {Causal inference, automated algorithms, competition, evaluation, machine learning}
}

@inproceedings{Bareinboim2015BanditsApproach,
    title = {{Bandits with unobserved confounders: A causal approach}},
    year = {2015},
    booktitle = {Advances in Neural Information Processing Systems},
    author = {Bareinboim, Elias and Forney, Andrew and Pearl, Judea},
    pages = {1342--1350},
    volume = {2015-Janua},
    issn = {10495258}
}

@article{RobertE.KassAdrianE.Raftery.1995BayesFactors,
    title = {{Bayes Factors}},
    year = {1995},
    journal = {Journal of the American Statistical Association},
    author = {{Robert E. Kass; Adrian E. Raftery.}},
    number = {430},
    pages = {773--795},
    volume = {90}
}

@techreport{WassermanBayesianAveraging,
    title = {{Bayesian Model Selection and Model Averaging}},
    author = {Wasserman, Larry},
    keywords = {AND PHRASES: AIC, BIC, Bayes Factors, Consistency, Default Bayes Methods, Markov Chain Monte Carlo}
}

@article{Wasserman1997BayesianAveraging,
    title = {{Bayesian Model Selection and Model Averaging}},
    year = {1997},
    journal = {Presented at the Mathematical Psyc hology Symposium on "Methods for Model Selection"},
    author = {Wasserman, Larry},
    number = {1995},
    pages = {1--17},
    keywords = {aic, and phrases, bayes factors, bayes methods, bic, consistency, default, markov chain monte carlo}
}

@article{Hill2011BayesianInference,
    title = {{Bayesian nonparametric modeling for causal inference}},
    year = {2011},
    journal = {Journal of Computational and Graphical Statistics},
    author = {Hill, Jennifer L.},
    number = {1},
    month = {3},
    pages = {217--240},
    volume = {20},
    doi = {10.1198/jcgs.2010.08162},
    issn = {10618600},
    keywords = {Bayesian, Causal inference, Nonparametrics}
}

@techreport{Shimoni2018BenchmarkingAnalysis,
    title = {{Benchmarking Framework for Performance-Evaluation of Causal Inference Analysis}},
    year = {2018},
    author = {Shimoni, Yishai and Yanover, Chen and Karavani, Ehud and Goldschmnidt, Yaara},
    url = {https://github.com/IBM-HRL-MLHLS/IBM-},
    arxivId = {1802.05046v2}
}

@misc{BernhardYouTube,
    title = {{Bernhard SchoÌlkopf Causal Discovery Part 1 - YouTube}},
    url = {https://www.youtube.com/watch?v=CTcQlRSnvvM}
}

@misc{BernhardYouTubeb,
    title = {{Bernhard SchoÌlkopf Causal Discovery Part 2 - YouTube}},
    url = {https://www.youtube.com/watch?v=ly-2eSXkDNA}
}

@article{Shadish2008CanAssignments,
    title = {{Can nonrandomized experiments yield accurate answers? A randomized experiment comparing random and nonrandom assignments}},
    year = {2008},
    journal = {Journal of the American Statistical Association},
    author = {Shadish, William R. and Clark, M. H. and Steiner, Peter M.},
    number = {484},
    month = {12},
    pages = {1334--1343},
    volume = {103},
    doi = {10.1198/016214508000000733},
    issn = {01621459},
    keywords = {Nonrandomized experiment, Propensity score, Randomized experiment, Selection bias}
}

@article{Pearl1995CausalResearch,
    title = {{Causal diagrams for empirical research}},
    year = {1995},
    journal = {Biometrika},
    author = {Pearl, Judea},
    number = {4},
    month = {12},
    pages = {669--688},
    volume = {82},
    doi = {10.1093/biomet/82.4.669},
    issn = {00063444},
    keywords = {Causal inference, Graph model, Structural equations, Treatment effect}
}

@techreport{CaiCausalRepresentation,
    title = {{Causal Discovery from Discrete Data using Hidden Compact Representation}},
    author = {Cai, Ruichu and Qiao, Jie and Zhang, Kun and Zhang, Zhenjie and Hao, Zhifeng}
}

@techreport{Louizos2017CausalModels,
    title = {{Causal Effect Inference with Deep Latent-Variable Models}},
    year = {2017},
    author = {Louizos, Christos and Shalit, Uri and Mooij, Joris and Sontag, David and Zemel, Richard and Welling, Max}
}

@article{Dehejia1999CausalPrograms,
    title = {{Causal Effects in Nonexperimental Studies: Reevaluating the Evaluation of Training Programs}},
    year = {1999},
    journal = {Journal of the American Statistical Association},
    author = {Dehejia, Rajeev H. and Wahba, Sadek},
    number = {448},
    month = {12},
    pages = {1053--1062},
    volume = {94},
    doi = {10.1080/01621459.1999.10473858},
    issn = {1537274X},
    keywords = {Matching, Program evaluation, Propensity score}
}

@inproceedings{Jaber2018CausalEquivalence,
    title = {{Causal identification under Markov equivalence}},
    year = {2018},
    booktitle = {34th Conference on Uncertainty in Artificial Intelligence 2018, UAI 2018},
    author = {Jaber, Amin and Zhang, Jiji and Bareinboim, Elias},
    volume = {2},
    isbn = {9781510871601}
}

@misc{Bareinboim2016CausalProblem,
    title = {{Causal inference and the data-fusion problem}},
    year = {2016},
    booktitle = {Proceedings of the National Academy of Sciences of the United States of America},
    author = {Bareinboim, Elias and Pearla, Judea},
    number = {27},
    month = {7},
    pages = {7345--7352},
    volume = {113},
    publisher = {National Academy of Sciences},
    doi = {10.1073/pnas.1510507113},
    issn = {10916490},
    keywords = {Causal inference, Counterfactuals, External validity, Selection bias, Transportability}
}

@article{Peters2016CausalIntervals,
    title = {{Causal inference by using invariant prediction: identification and confidence intervals}},
    year = {2016},
    journal = {Journal of the Royal Statistical Society. Series B: Statistical Methodology},
    author = {Peters, Jonas and B{\"{u}}hlmann, Peter and Meinshausen, Nicolai},
    number = {5},
    month = {11},
    pages = {947--1012},
    volume = {78},
    publisher = {Blackwell Publishing Ltd},
    doi = {10.1111/rssb.12167},
    issn = {14679868},
    keywords = {Causal discovery, Causal inference, Confidence intervals, Invariant prediction}
}

@misc{FerencHuszar2019CausalLearning,
    title = {{Causal Inference in Everyday Machine Learning}},
    year = {2019},
    author = {{Ferenc Husz{\'{a}}r}},
    url = {https://www.youtube.com/watch?v=HOgx_SBBzn0}
}

@techreport{SilvaCausalCollege,
    title = {{Causal Inference in Machine Learning Machine Learning Tutorial Series @ Imperial College}},
    author = {Silva, Ricardo},
    url = {http://www.nytimes.com/2005/05/17/health/17nutr.html?_r=0}
}

@article{Pearl2009CausalOverview,
    title = {{Causal inference in statistics: An overview}},
    year = {2009},
    journal = {Statistics Surveys},
    author = {Pearl, Judea},
    pages = {96--146},
    volume = {3},
    doi = {10.1214/09-SS057},
    issn = {19357516},
    keywords = {Causal effects, Causes of effects, Confounding, Counterfactuals, Graphical methods, Mediation, Policy evaluation, Potential-outcome, Structural equationmodels}
}

@techreport{MitrovicCausalMeasures,
    title = {{Causal Inference via Kernel Deviance Measures}},
    author = {Mitrovic, Jovana and Sejdinovic, Dino and Teh, Yee Whye}
}

@article{Shalizi2011CausalModels,
    title = {{Causal Models and Estimations from Models}},
    year = {2011},
    author = {Shalizi, C}
}

@article{Shalizi2016CausalDiscovery,
    title = {{Causal Structure Discovery}},
    year = {2016},
    author = {Shalizi, C},
    doi = {10.2307/1268846},
    issn = {00401706}
}

@article{Scholkopf2019CausalityLearning,
    title = {{Causality for Machine Learning}},
    year = {2019},
    author = {Sch{\"{o}}lkopf, Bernhard},
    url = {http://arxiv.org/abs/1911.10500},
    arxivId = {1911.10500}
}

@techreport{KunzelCausaltoolbox-EstimatorEffects,
    title = {{Causaltoolbox-Estimator Stability for Heterogeneous Treatment Effects}},
    author = {K{\"{u}}nzel, SÃ¶ren R and Walter, Simon J S and Sekhon, Jasjeet S},
    arxivId = {1811.02833v2},
    keywords = {Heterogeneous treatment effects, X-learner, conditional average treatment effect, joint estimation}
}

@misc{Ck37/superlearner-guide:Etc.,
    title = {{ck37/superlearner-guide: SuperLearner guide: fitting models, ensembling, prediction, hyperparameters, parallelization, timing, feature selection, etc.}},
    url = {https://github.com/ck37/superlearner-guide}
}

@misc{Ck37/varimpact:Hubbard,
    title = {{ck37/varimpact: Variable importance through targeted causal inference, with Alan Hubbard}},
    url = {https://github.com/ck37/varimpact}
}

@article{Linden2016CombiningEvaluation,
    title = {{Combining machine learning and matching techniques to improve causal inference in program evaluation}},
    year = {2016},
    journal = {Journal of Evaluation in Clinical Practice},
    author = {Linden, Ariel and Yarnold, Paul R.},
    number = {6},
    month = {12},
    pages = {864--870},
    volume = {22},
    publisher = {Blackwell Publishing Ltd},
    doi = {10.1111/jep.12592},
    issn = {13652753},
    keywords = {balance, causal inference, machine learning, matching, propensity score}
}

@article{Rubin2000CombiningCovariates,
    title = {{Combining propensity score matching with additional adjustments for prognostic covariates}},
    year = {2000},
    journal = {Journal of the American Statistical Association},
    author = {Rubin, Donald B. and Thomas, Neal},
    number = {450},
    month = {6},
    pages = {573--585},
    volume = {95},
    doi = {10.1080/01621459.2000.10474233},
    issn = {1537274X},
    keywords = {Bias reduction, Causal inference, Covariance adjustment, Discriminant matching, Mahalanobis metric matching, Matched sampling, Nonrandomized studies, Observational studies}
}

@article{Wendling2018ComparingDatabases,
    title = {{Comparing methods for estimation of heterogeneous treatment effects using observational data from health care databases}},
    year = {2018},
    journal = {Statistics in Medicine},
    author = {Wendling, T. and Jung, K. and Callahan, A. and Schuler, A. and Shah, N. H. and Gallego, B.},
    number = {23},
    month = {10},
    pages = {3309--3324},
    volume = {37},
    url = {http://doi.wiley.com/10.1002/sim.7820},
    doi = {10.1002/sim.7820},
    issn = {02776715}
}

@article{Wendling2018ComparingDatabasesb,
    title = {{Comparing methods for estimation of heterogeneous treatment effects using observational data from health care databases}},
    year = {2018},
    journal = {Statistics in Medicine},
    author = {Wendling, T. and Jung, K. and Callahan, A. and Schuler, A. and Shah, N. H. and Gallego, B.},
    number = {23},
    month = {10},
    pages = {3309--3324},
    volume = {37},
    url = {http://doi.wiley.com/10.1002/sim.7820},
    doi = {10.1002/sim.7820},
    issn = {02776715}
}

@misc{Hernan2006ComparisonWeighting,
    title = {{Comparison of dynamic treatment regimes via inverse probability weighting}},
    year = {2006},
    booktitle = {Basic and Clinical Pharmacology and Toxicology},
    author = {Hern{\'{a}}n, Miguel A. and Lanoy, Emilie and Costagliola, Dominique and Robins, James M.},
    number = {3},
    month = {3},
    pages = {237--242},
    volume = {98},
    doi = {10.1111/j.1742-7843.2006.pto{\_}329.x},
    issn = {17427835}
}

@techreport{BelloComputationallyQueries,
    title = {{Computationally and statistically efficient learning of causal Bayes nets using path queries}},
    author = {Bello, Kevin and Honorio, Jean}
}

@techreport{AuricchioComputingGraphs,
    title = {{Computing Kantorovich-Wasserstein Distances on d-dimensional histograms using (d + 1)-partite graphs}},
    author = {Auricchio, Gennaro and Gualandi, Stefano and Veneroni, Marco and Bassetti, Federico}
}

@techreport{Sofrygin2017ConductingModels,
    title = {{Conducting Simulations in Causal Inference with Networks-Based Structural Equation Models}},
    year = {2017},
    author = {Sofrygin, Oleg and Neugebauer, Romain and Van Der Laan, Mark J},
    url = {http://CRAN.R-project.org/package=simcausal.},
    arxivId = {1705.10376v1}
}

@misc{Textor2011DAGitty:Diagrams,
    title = {{DAGitty: A graphical tool for analyzing causal diagrams}},
    year = {2011},
    booktitle = {Epidemiology},
    author = {Textor, Johannes and Hardt, Juliane},
    number = {5},
    month = {9},
    pages = {745},
    volume = {22},
    doi = {10.1097/EDE.0b013e318225c2be},
    issn = {10443983}
}

@techreport{Broomberg2017DeepInference,
    title = {{Deep Causal Inference}},
    year = {2017},
    author = {Broomberg, Joshua},
    url = {https://docs.google.com/document/d/1X_hHiYoKFGAEnflBVfo6ZgGwer2X6Y4cPVmQF20SC50}
}

@techreport{Alaa2017DeepPropensity-Dropout,
    title = {{Deep Counterfactual Networks with Propensity-Dropout}},
    year = {2017},
    author = {Alaa, Ahmed M and Weisz, Michael and Van Der Schaar, Mihaela},
    arxivId = {1706.05966v1},
    keywords = {()}
}

@techreport{Hartford2017DeepPrediction,
    title = {{Deep IV: A Flexible Approach for Counterfactual Prediction}},
    year = {2017},
    author = {Hartford, Jason and Lewis, Greg and Leyton-Brown, Kevin and Taddy, Matt},
    url = {https://github.com/jhartford/DeepIV}
}

@misc{Lecun2015DeepLearning,
    title = {{Deep learning}},
    year = {2015},
    booktitle = {Nature},
    author = {Lecun, Yann and Bengio, Yoshua and Hinton, Geoffrey},
    number = {7553},
    month = {5},
    pages = {436--444},
    volume = {521},
    publisher = {Nature Publishing Group},
    doi = {10.1038/nature14539},
    issn = {14764687},
    pmid = {26017442}
}

@article{Ramachandra2018DeepInference,
    title = {{Deep Learning for Causal Inference}},
    year = {2018},
    author = {Ramachandra, Vikas},
    month = {2},
    url = {http://arxiv.org/abs/1803.00149},
    arxivId = {1803.00149}
}

@techreport{Bengio2012DeepLearning,
    title = {{Deep Learning of Representations for Unsupervised and Transfer Learning}},
    year = {2012},
    author = {Bengio, Yoshua},
    pages = {17--37},
    volume = {27},
    url = {http://www.causality.inf.ethz.ch/unsupervised-learning.php},
    keywords = {Auto-encoders, Deep Learning, Re-stricted Boltzmann Machines, domain adaptation, multi-task learning, neural networks, representation learning, self-taught learning, transfer learn-ing, unsupervised learning}
}

@techreport{Farrell2018Deep,
    title = {{Deep Neural Networks for Estimation and Inference: Application to Causal Effects and Other Semiparametric Estimands *}},
    year = {2018},
    author = {Farrell, Max H and Liang, Tengyuan and Misra, Sanjog},
    arxivId = {1809.09953v2},
    keywords = {Deep Learning, Nonasymptotic Bounds, Program Evaluation, Rectified Linear Unit, Semiparametric Inference, Treatment Effects, Treatment Targeting}
}

@article{Kallus2018DeepMatch:Training,
    title = {{DeepMatch: Balancing Deep Covariate Representations for Causal Inference Using Adversarial Training}},
    year = {2018},
    author = {Kallus, Nathan},
    month = {2},
    url = {http://arxiv.org/abs/1802.05664},
    arxivId = {1802.05664}
}

@article{Kang2007DemystifyingData,
    title = {{Demystifying double robustness: A comparison of alternative strategies for estimating a population mean from incomplete data}},
    year = {2007},
    journal = {Statistical Science},
    author = {Kang, Joseph and Schafer, Joseph},
    number = {4},
    month = {11},
    pages = {523--539},
    volume = {22},
    doi = {10.1214/07-STS227},
    issn = {08834237},
    pmid = {18516239},
    keywords = {Causal inference, Missing data, Model-assisted survey estimation, Propensity score, Weighted estimating equations}
}

@article{Kang2007Demystifying1,
    title = {{Demystifying Double Robustness: A Comparison of Alternative Strategies for Estimating a Population Mean from Incomplete Data 1}},
    year = {2007},
    journal = {Statistical Science},
    author = {Kang, Joseph and Schafer, Joseph},
    number = {4},
    pages = {523--539},
    volume = {22},
    doi = {10.1214/07-STS227},
    keywords = {Causal inference, missing data, model-assisted survey estimation, propensity score, weighted estimating equations}
}

@techreport{LuiseDifferentialDistance,
    title = {{Differential Properties of Sinkhorn Approximation for Learning with Wasserstein Distance}},
    author = {Luise, Giulia and Rudi, Alessandro and Pontil, Massimiliano and Ciliberto, Carlo}
}

@article{IMBENS1995Discussion:Research,
    title = {{Discussion: Causal diagrams for empirical research}},
    year = {1995},
    journal = {Biometrika},
    author = {IMBENS, GUIDO W. and RUBIN, DONALD B.},
    number = {4},
    pages = {694--695},
    volume = {82},
    url = {https://academic.oup.com/biomet/article-lookup/doi/10.1093/biomet/82.4.694},
    doi = {10.1093/biomet/82.4.694},
    issn = {0006-3444}
}

@article{Smith2005DoesEstimators,
    title = {{Does matching overcome LaLonde's critique of nonexperimental estimators?}},
    year = {2005},
    journal = {Journal of Econometrics},
    author = {Smith, Jeffrey and Todd, Petra},
    number = {1-2},
    pages = {305--353},
    volume = {125},
    publisher = {Elsevier}
}

@inproceedings{Magliacane2018DomainDistributions,
    title = {{Domain adaptation by using causal inference to predict invariant conditional distributions}},
    year = {2018},
    booktitle = {Advances in Neural Information Processing Systems},
    author = {Magliacane, Sara and Van Ommen, Thijs and Claassen, Tom and Bongers, Stephan and Mooij, Joris M. and Versteeg, Philip},
    volume = {2018-December},
    issn = {10495258}
}

@techreport{Zhang2013DomainShift,
    title = {{Domain Adaptation under Target and Conditional Shift}},
    year = {2013},
    author = {Zhang, Kun and Sch{\"{o}}lkopf, Bernhard and Wang, Zhikun}
}

@techreport{Chernozhukov2016DoubleParameters,
    title = {{Double machine learning for treatment and causal parameters}},
    year = {2016},
    author = {Chernozhukov, Victor and Chetverikov, Denis and Demirer, Mert and Duflo, Esther and Hansen, Christian and Newey, Whitney},
    keywords = {Neyman, boosted trees, cross-fit, debiased machine learning, deep learning, double machine learning, efficiency, efficient score, lasso, neural nets, optimality, orthogo-nal score, orthogonalization, post-machine-learning and post-regularization inference, random forest}
}

@article{Chernozhukov2016Double/DebiasedParameters,
    title = {{Double/Debiased Machine Learning for Treatment and Causal Parameters}},
    year = {2016},
    author = {Chernozhukov, Victor and Chetverikov, Denis and Demirer, Mert and Duflo, Esther and Hansen, Christian and Newey, Whitney and Robins, James},
    month = {7},
    url = {http://arxiv.org/abs/1608.00060},
    arxivId = {1608.00060}
}

@misc{EconML:Estimation,
    title = {{EconML: A Python Package for ML-Based Heterogeneous Treatment Effects Estimation}},
    url = {https://github.com/microsoft/EconML}
}

@article{Hirano2003EfficientScore,
    title = {{Efficient estimation of average treatment effects using the estimated propensity score}},
    year = {2003},
    journal = {Econometrica},
    author = {Hirano, Keisuke and Imbens, Guido W and Ridder, Geert},
    number = {4},
    pages = {1161--1189},
    volume = {71},
    doi = {10.1111/1468-0262.00442},
    issn = {00129682},
    keywords = {Propensity score, Semiparametric efficiency, Sieve estimator, Treatment effects}
}

@article{vanderLaan2014EnteringAnalysis,
    title = {{Entering the Era of Data Science: Targeted Learning and the Integration of Statistics and Computational Data Analysis}},
    year = {2014},
    journal = {Advances in Statistics},
    author = {van der Laan, Mark J. and Starmans, Richard J. C. M.},
    pages = {1--19},
    volume = {2014},
    publisher = {Hindawi Limited},
    doi = {10.1155/2014/502678},
    issn = {2356-6892}
}

@article{vanderLaan2014EnteringAnalysisb,
    title = {{Entering the Era of Data Science: Targeted Learning and the Integration of Statistics and Computational Data Analysis}},
    year = {2014},
    journal = {Advances in Statistics},
    author = {van der Laan, Mark J. and Starmans, Richard J. C. M.},
    pages = {1--19},
    volume = {2014},
    publisher = {Hindawi Limited},
    doi = {10.1155/2014/502678},
    issn = {2356-6892}
}

@article{Rubin1974EstimatingStudies,
    title = {{Estimating causal effects of treatments in randomized and nonrandomized studies}},
    year = {1974},
    journal = {Journal of Educational Psychology},
    author = {Rubin, Donald B.},
    number = {5},
    month = {10},
    pages = {688--701},
    volume = {66},
    doi = {10.1037/h0037350},
    issn = {00220663},
    keywords = {randomization benefits, estimation of causal effects of treatments}
}

@techreport{KunzelESTIMATINGY-LEARNER,
    title = {{ESTIMATING HETEROGENEOUS TREATMENT EFFECTS USING NEURAL NETWORKS WITH THE Y-LEARNER}},
    author = {K{\"{u}}nzel, SÃ¶ren R and Walter, Simon J S and Sekhon, Jasjeet S}
}

@techreport{ESTIMATINGY-LEARNER,
    title = {{ESTIMATING HETEROGENEOUS TREATMENT EFFECTS USING NEURAL NETWORKS WITH THE Y-LEARNER}}
}

@article{Lu2018EstimatingMethods,
    title = {{Estimating Individual Treatment Effect in Observational Data Using Random Forest Methods}},
    year = {2018},
    journal = {Journal of Computational and Graphical Statistics},
    author = {Lu, Min and Sadiq, Saad and Feaster, Daniel J. and Ishwaran, Hemant},
    number = {1},
    month = {1},
    pages = {209--219},
    volume = {27},
    publisher = {American Statistical Association},
    doi = {10.1080/10618600.2017.1356325},
    issn = {15372715},
    arxivId = {1701.05306},
    keywords = {Counterfactual model, Individual treatment effect (ITE), Propensity score, Synthetic forests, Treatment heterogeneity}
}

@techreport{Shalit2017EstimatingAlgorithms,
    title = {{Estimating individual treatment effect: generalization bounds and algorithms}},
    year = {2017},
    author = {Shalit, Uri and Johansson, Fredrik D and Sontag, David},
    arxivId = {1606.03976v5}
}

@article{Wager2018EstimationForests,
    title = {{Estimation and Inference of Heterogeneous Treatment Effects using Random Forests}},
    year = {2018},
    journal = {Journal of the American Statistical Association},
    author = {Wager, Stefan and Athey, Susan},
    number = {523},
    month = {7},
    pages = {1228--1242},
    volume = {113},
    url = {https://www.tandfonline.com/doi/full/10.1080/01621459.2017.1319839},
    doi = {10.1080/01621459.2017.1319839},
    issn = {0162-1459}
}

@article{Flores2009EvaluatingData,
    title = {{Evaluating Nonexperimental Estimators for Multiple Treatments: Evidence from Experimental Data}},
    year = {2009},
    author = {Flores, Carlos and Mitnik, Oscar},
    publisher = {Institute of Labor Economics (IZA)},
    keywords = {generalized propensity score, multiple treatments, nonexperimental estimators}
}

@article{Friedlander1995EvaluatingMethods,
    title = {{Evaluating Program Evaluations: New Evidence on Commonly Used Nonexperimental Methods}},
    year = {1995},
    journal = {American Economic Review},
    author = {Friedlander, Daniel and Robins, Philip Kenneth},
    number = {4},
    pages = {923--37},
    volume = {85},
    publisher = {American Economic Association}
}

@article{Lalonde1986EvaluatingData,
    title = {{Evaluating the Econometric Evaluations of Training Programs with Experimental Data}},
    year = {1986},
    journal = {Journal of Chemical Information and Modeling},
    author = {Lalonde, Robert J.},
    number = {4},
    pages = {604--620},
    volume = {76},
    publisher = {American Economic Association},
    url = {https://www.jstor.org/stable/1806062},
    isbn = {9788578110796},
    doi = {10.1017/CBO9781107415324.004},
    issn = {1098-6596},
    pmid = {25246403},
    arxivId = {arXiv:1011.1669v3},
    keywords = {icle}
}

@article{Pearl2014ExternalPopulations,
    title = {{External validity: From do-calculus to transportability across populations}},
    year = {2014},
    journal = {Statistical Science},
    author = {Pearl, Judea and Bareinboim, Elias},
    number = {4},
    pages = {579--595},
    volume = {29},
    publisher = {Institute of Mathematical Statistics},
    doi = {10.1214/14-STS486},
    issn = {08834237},
    keywords = {Causal effects, Experimental design, External validity, Generalizability}
}

@article{Rothwell2006FactorsTrials,
    title = {{Factors That Can Affect the External Validity of Randomised Controlled Trials}},
    year = {2006},
    journal = {PLoS Clinical Trials},
    author = {Rothwell, Peter M},
    number = {1},
    month = {5},
    pages = {e9},
    volume = {1},
    publisher = {Public Library of Science (PLoS)},
    doi = {10.1371/journal.pctr.0010009},
    issn = {1555-5887}
}

@techreport{Tian1998FindingD-separators,
    title = {{Finding Minimal D-separators}},
    year = {1998},
    author = {Tian, Jin and Paz, Azaria and Pearl, Judea}
}

@inproceedings{Frolich2004Finite-sampleEstimators,
    title = {{Finite-sample properties of propensity-score matching and weighting estimators}},
    year = {2004},
    booktitle = {Review of Economics and Statistics},
    author = {Fr{\"{o}}lich, Markus},
    number = {1},
    month = {2},
    pages = {77--90},
    volume = {86},
    doi = {10.1162/003465304323023697},
    issn = {00346535}
}

@article{Yoon2018GAIN:Nets,
    title = {{GAIN: Missing Data Imputation using Generative Adversarial Nets}},
    year = {2018},
    author = {Yoon, Jinsung and Jordon, James and van der Schaar, Mihaela},
    month = {6},
    url = {http://arxiv.org/abs/1806.02920},
    arxivId = {1806.02920}
}

@techreport{YoonGANITE:NETS,
    title = {{GANITE: ESTIMATION OF INDIVIDUALIZED TREAT-MENT EFFECTS USING GENERATIVE ADVERSARIAL NETS}},
    author = {Yoon, Jinsung and Jordon, James and Van Der Schaar, Mihaela}
}

@techreport{BritoGeneralizedVariables,
    title = {{Generalized Instrumental Variables}},
    author = {Brito, Carlos and Pearl, Judea}
}

@article{Athey2019GeneralizedForests,
    title = {{Generalized random forests}},
    year = {2019},
    journal = {Annals of Statistics},
    author = {Athey, Susan and Tibshirani, Julie and Wager, Stefan},
    number = {2},
    month = {4},
    pages = {1179--1203},
    volume = {47},
    publisher = {Institute of Mathematical Statistics},
    doi = {10.1214/18-AOS1709},
    issn = {00905364},
    arxivId = {1610.01271},
    keywords = {And phrases, Asymptotic theory, Causal inference, Instrumental variable}
}

@article{Lewandowski2009GeneratingMethod,
    title = {{Generating random correlation matrices based on vines and extended onion method}},
    year = {2009},
    journal = {Journal of Multivariate Analysis},
    author = {Lewandowski, Daniel and Kurowicka, Dorota and Joe, Harry},
    number = {9},
    month = {10},
    pages = {1989--2001},
    volume = {100},
    doi = {10.1016/j.jmva.2009.04.008},
    issn = {0047259X},
    keywords = {Correlation matrix, Dependence vines, Onion method, Partial correlation}
}

@techreport{Cui2019GenerativeDetection,
    title = {{Generative Adversarial Data Augmentation for Lung Nodule Detection}},
    year = {2019},
    author = {Cui, Zichen}
}

@article{Diamond2013GeneticStudies,
    title = {{Genetic matching for estimating causal effects: A general multivariate matching method for achieving balance in observational studies}},
    year = {2013},
    journal = {Review of Economics and Statistics},
    author = {Diamond, Alexis and Sekhon, Jasjeet S.},
    number = {3},
    pages = {932--945},
    volume = {95},
    doi = {10.1162/REST{\_}a{\_}00318},
    issn = {00346535},
    keywords = {C14, Causal Inference, Genetic Optimization, H31 Keywords: Matching, JEL classification: C13, Propensity Score, Selection on Observables}
}

@article{Thoemmes2015GraphicalProblems,
    title = {{Graphical Representation of Missing Data Problems}},
    year = {2015},
    journal = {Structural Equation Modeling},
    author = {Thoemmes, Felix and Mohan, Karthika},
    number = {4},
    month = {10},
    pages = {631--642},
    volume = {22},
    publisher = {Routledge},
    doi = {10.1080/10705511.2014.937378},
    issn = {15328007},
    keywords = {auxiliary variables, full information, graphical models, maximum likelihood, missing data, multiple imputation}
}

@techreport{ShermanIdentificationData,
    title = {{Identification and Estimation Of Causal Effects from Dependent Data}},
    author = {Sherman, Eli and Shpitser, Ilya}
}

@article{RubinInferenceSequences,
    title = {{Inference from Iterative Simulation Using Multiple Sequences}},
    author = {Rubin, Donald B and Gelman, Andrew}
}

@techreport{Dedeo2018InformationPeople,
    title = {{Information Theory for Intelligent People}},
    year = {2018},
    author = {Dedeo, Simon},
    url = {http://santafe.edu/}
}

@misc{Lambert2018IntroducingYouTube,
    title = {{Introducing Bayes factors and marginal likelihoods - YouTube}},
    year = {2018},
    author = {Lambert, B},
    url = {https://www.youtube.com/watch?v=T-kMpA4z-7k}
}

@techreport{Spirtes2010IntroductionInference,
    title = {{Introduction to Causal Inference}},
    year = {2010},
    booktitle = {Journal of Machine Learning Research},
    author = {Spirtes, Peter},
    pages = {1643--1662},
    volume = {11}
}

@article{Heinze-Deml2018InvariantModels,
    title = {{Invariant causal prediction for nonlinear models}},
    year = {2018},
    journal = {Journal of Causal Inference},
    author = {Heinze-Deml, Christina and Peters, Jonas and Meinshausen, Nicolai},
    doi = {10.1515/jci-2017-0016},
    issn = {21933685},
    keywords = {Causal structure learning, Invariance, Structural equation models}
}

@article{Mooij2016JointContexts,
    title = {{Joint Causal Inference from Multiple Contexts}},
    year = {2016},
    author = {Mooij, Joris M. and Magliacane, Sara and Claassen, Tom},
    month = {11},
    url = {http://arxiv.org/abs/1611.10351},
    arxivId = {1611.10351}
}

@book{Kondarasaiah2004KineticSolution,
    title = {{Kinetic and mechanistic study of Ru(III)-nicotinic acid complex formation by oxidation of bromamine-T in acid solution}},
    year = {2004},
    booktitle = {Oxidation Communications},
    author = {Kondarasaiah, M. H. and Ananda, S.},
    number = {1},
    pages = {140--147},
    volume = {27},
    isbn = {9780387310732},
    issn = {02094541},
    keywords = {Acid medium, Bromamine-T, Oxidation, Ru(III)-nicotinic acid complex formation}
}

@article{Abadie2006LargeEffects,
    title = {{Large Sample Properties of Matching Estimators for Average Treatment Effects}},
    year = {2006},
    journal = {Econometrica},
    author = {Abadie, Alberto and Imbens, Guido W.},
    number = {1},
    month = {1},
    pages = {235--267},
    volume = {74},
    url = {http://doi.wiley.com/10.1111/j.1468-0262.2006.00655.x},
    doi = {10.1111/j.1468-0262.2006.00655.x},
    issn = {0012-9682}
}

@techreport{Abadie2006LARGEEFFECTSb,
    title = {{LARGE SAMPLE PROPERTIES OF MATCHING ESTIMATORS FOR AVERAGE TREATMENT EFFECTS}},
    year = {2006},
    booktitle = {Econometrica},
    author = {Abadie, Alberto and Imbens, Guido W},
    number = {1},
    pages = {235--267},
    volume = {74},
    url = {http://emlab.berkeley.edu/users/imbens/},
    keywords = {Matching estimators, average treatment effects, potential outcomes, se-lection on observables, unconfoundedness}
}

@article{Abadie2002LargeEffects,
    title = {{Large Sample Properties of Matching Estimators for Average Treatment Effects}},
    year = {2002},
    journal = {October},
    author = {Abadie, Alberto and Imbens, G W},
    number = {October},
    pages = {146--146},
    volume = {0136789},
    url = {http://www.nber.org/papers/t0283},
    doi = {10.3386/t0283},
    issn = {1094-4281}
}

@techreport{Imbens2017LargeCommittee,
    title = {{Large Scale Causal Inference with Machine Learning Committee}},
    year = {2017},
    author = {Imbens, Guido and Hong, Han and Bayati, Mohsen and Somaini, Paulo}
}

@techreport{Imbens2017LargeCommitteeb,
    title = {{Large Scale Causal Inference with Machine Learning Committee}},
    year = {2017},
    author = {Imbens, Guido and Hong, Han and Bayati, Mohsen and Somaini, Paulo}
}

@techreport{AcharyaLearningInterventions,
    title = {{Learning and Testing Causal Models with Interventions}},
    author = {Acharya, Jayadev and Bhattacharyya, Arnab and Daskalakis, Constantinos and Kandasamy, Saravanan}
}

@article{Guo2019LearningData,
    title = {{Learning Individual Treatment Effects from Networked Observational Data}},
    year = {2019},
    author = {Guo, Ruocheng and Li, Jundong and Liu, Huan},
    month = {6},
    url = {http://arxiv.org/abs/1906.03485},
    arxivId = {1906.03485}
}

@techreport{Johansson2016LearningInference,
    title = {{Learning Representations for Counterfactual Inference}},
    year = {2016},
    author = {Johansson, Fredrik D and Shalit, Uri and Sontag, David}
}

@article{Johansson2018LearningDesigns,
    title = {{Learning Weighted Representations for Generalization Across Designs}},
    year = {2018},
    author = {Johansson, Fredrik D. and Kallus, Nathan and Shalit, Uri and Sontag, David},
    month = {2},
    url = {http://arxiv.org/abs/1802.08598},
    arxivId = {1802.08598}
}

@article{GuoLinkedEffects,
    title = {{Linked Causal Variational Autoencoder for Inferring Paired Spillover Effects}},
    journal = {Italy ACM Reference Format: Vineeth Rakesh},
    author = {Guo, Ruocheng and Moraffah, Raha and Agarwal, Nitin and Liu, Huan},
    url = {https://doi.org/10.1145/3269206.3269267},
    isbn = {9781450360142},
    doi = {10.1145/3269206.3269267}
}

@inproceedings{Athey2015MachineEvaluation,
    title = {{Machine Learning and Causal Inference for Policy Evaluation}},
    year = {2015},
    author = {Athey, Susan},
    pages = {5--6},
    publisher = {Association for Computing Machinery (ACM)},
    url = {https://www.youtube.com/watch?v=Yx6qXM_rfKQ},
    doi = {10.1145/2783258.2785466}
}

@techreport{Knaus2018MachineEvidence,
    title = {{Machine Learning Estimation of Heterogeneous Causal Effects: Empirical Monte Carlo Evidence}},
    year = {2018},
    author = {Knaus, Michael C and Lechner, Michael and Strittmatter, Anthony and Graham, Bryan and Santos, Andres and Schuler, Alejandro and Wager, Stefan and Zimmert, Michael},
    arxivId = {1810.13237v2},
    keywords = {Causal Forest, Causal machine learning, Lasso, Random Forest, conditional average treatment effects, selection-on-observables}
}

@article{Athey2015MachineEffects,
    title = {{Machine Learning Methods for Estimating Heterogeneous Causal Effects}},
    year = {2015},
    journal = {arXiv},
    author = {Athey, Susan and Imbens, Guido},
    number = {October 2013},
    pages = {1--9},
    url = {http://arxiv.org/abs/1504.01132},
    arxivId = {1504.01132}
}

@techreport{Heckman1998MatchingEstimator,
    title = {{Matching As An Econometric Evaluation Estimator}},
    year = {1998},
    author = {Heckman, James J and Todd, Petra}
}

@article{Ho2007MatchingInference,
    title = {{Matching as Nonparametric Preprocessing for Reducing Model Dependence in Parametric Causal Inference}},
    year = {2007},
    journal = {Political Analysis},
    author = {Ho, Daniel E and Imai, Kosuke and King, Gary and Stuart, Elizabeth A and Abadie, Alberto and Beck, Neal and Cook, Sam and Diamond, Alexis and Hansen, Ben and Imbens, Guido and Lau, Olivia and Lenz, Gabe and Rosenbaum, Paul and Rubin, Don},
    pages = {199--236},
    volume = {15},
    url = {http://GKing.Harvard.edu/},
    doi = {10.1093/pan/mpl013}
}

@inproceedings{Li2017MatchingEstimation,
    title = {{Matching on balanced nonlinear representations for treatment effects estimation}},
    year = {2017},
    booktitle = {Advances in Neural Information Processing Systems},
    author = {Li, Sheng and Fu, Yun},
    pages = {930--940},
    volume = {2017-Decem},
    issn = {10495258}
}

@article{Kunzel2019MetalearnersLearning,
    title = {{Metalearners for estimating heterogeneous treatment effects using machine learning}},
    year = {2019},
    journal = {Proceedings of the National Academy of Sciences of the United States of America},
    author = {K{\"{u}}nzel, SÃ¶ren R. and Sekhon, Jasjeet S. and Bickel, Peter J. and Yu, Bin},
    number = {10},
    volume = {116},
    url = {https://arxiv.org/pdf/1706.03461.pdf},
    doi = {10.1073/pnas.1804597116},
    issn = {10916490},
    pmid = {30770453}
}

@misc{Microsoft/dowhy:Frameworks.,
    title = {{microsoft/dowhy: DoWhy is a Python library for causal inference that supports explicit modeling and testing of causal assumptions. DoWhy is based on a unified language for causal inference, combining causal graphical models and potential outcomes frameworks.}},
    url = {https://github.com/microsoft/dowhy}
}

@techreport{LeeMinimaxDistances,
    title = {{Minimax statistical learning with Wasserstein distances}},
    author = {Lee, Jaeho and Raginsky, Maxim}
}

@inproceedings{Tian2015MissingModels,
    title = {{Missing at random in graphical models}},
    year = {2015},
    booktitle = {Journal of Machine Learning Research},
    author = {Tian, Jin},
    issn = {15337928}
}

@techreport{Imai2008MisunderstandingsInference,
    title = {{Misunderstandings between experimentalists and observationalists about causal inference}},
    year = {2008},
    booktitle = {J. R. Statist. Soc. A},
    author = {Imai, Kosuke and King, Gary and Stuart, Elizabeth A},
    number = {2},
    pages = {481--502},
    volume = {171},
    keywords = {Average treatment effects, Blocking, Covariate balance, Matching, Observational studies, Randomized experiments}
}

@article{Paxton2001MonteImplementation,
    title = {{Monte Carlo Experiments: Design and Implementation}},
    year = {2001},
    journal = {Structural Equation Modeling},
    author = {Paxton, Pamela and Curran, Patrick J and Bollen, Kenneth A and Kirby, Jim and Chen, Feinian},
    number = {2},
    pages = {287--312},
    volume = {8},
    url = {https://www.tandfonline.com/action/journalInformation?journalCode=hsem20},
    doi = {10.1207/S15328007SEM0802{\_}7},
    issn = {1532-8007}
}

@article{Hastings1970MonteApplications,
    title = {{Monte carlo sampling methods using Markov chains and their applications}},
    year = {1970},
    journal = {Biometrika},
    author = {Hastings, W. K.},
    doi = {10.1093/biomet/57.1.97},
    issn = {00063444}
}

@article{Hastings1970MonteApplicationsb,
    title = {{Monte carlo sampling methods using Markov chains and their applications}},
    year = {1970},
    journal = {Biometrika},
    author = {Hastings, W. K.},
    doi = {10.1093/biomet/57.1.97},
    issn = {00063444}
}

@article{Koch-Janusz2017MutualGroup,
    title = {{Mutual Information, Neural Networks and the Renormalization Group}},
    year = {2017},
    author = {Koch-Janusz, Maciej and Ringel, Zohar},
    month = {4},
    url = {http://arxiv.org/abs/1704.06279 http://dx.doi.org/10.1038/s41567-018-0081-4},
    doi = {10.1038/s41567-018-0081-4},
    arxivId = {1704.06279}
}

@techreport{Pearl2010NBInference,
    title = {{NB NB: An Introduction to Causal Inference}},
    year = {2010},
    booktitle = {The International Journal of Biostatistics},
    author = {Pearl, Judea},
    number = {2},
    volume = {6},
    url = {http://www.mii.ucla.edu/causality/},
    keywords = {causal effects, causes of effects *, confounding, counterfactuals, graphical methods, mediation, policy evaluation, potential-outcome, structural equation models}
}

@article{Busso2014NewEstimators,
    title = {{New Evidence on the Finite Sample Properties of Propensity Score Reweighting and Matching Estimators}},
    year = {2014},
    author = {Busso, Matias and Dinardo, John and Mccrary, Justin},
    doi = {10.1162/REST{\_}a{\_}00431}
}

@article{Schoelkopf2012OnLearning,
    title = {{On Causal and Anticausal Learning}},
    year = {2012},
    author = {Schoelkopf, Bernhard and Janzing, Dominik and Peters, Jonas and Sgouritsa, Eleni and Zhang, Kun and Mooij, Joris},
    month = {6},
    url = {http://arxiv.org/abs/1206.6471},
    arxivId = {1206.6471}
}

@article{Tian2012OnVariables,
    title = {{On the Testable Implications of Causal Models with Hidden Variables}},
    year = {2012},
    author = {Tian, Jin and Pearl, Judea},
    url = {http://arxiv.org/abs/1301.0608},
    arxivId = {1301.0608}
}

@article{Wolpert2014OptimalSystems,
    title = {{Optimal high-level descriptions of dynamical systems}},
    year = {2014},
    author = {Wolpert, David H. and Grochow, Joshua A. and Libby, Eric and DeDeo, Simon},
    month = {9},
    url = {http://arxiv.org/abs/1409.7403},
    arxivId = {1409.7403}
}

@misc{PanelYouTube,
    title = {{Panel discussion on Causality - YouTube}},
    url = {https://www.youtube.com/watch?v=Jn4-q6_yeQo}
}

@misc{Bishop2006PatternLearning,
    title = {{Pattern recognition and machine learning}},
    year = {2006},
    author = {Bishop, C. M}
}

@article{Schwab2018PerfectNetworks,
    title = {{Perfect Match: A Simple Method for Learning Representations For Counterfactual Inference With Neural Networks}},
    year = {2018},
    author = {Schwab, Patrick and Linhardt, Lorenz and Karlen, Walter},
    url = {http://arxiv.org/abs/1810.00656},
    arxivId = {1810.00656}
}

@article{Qian2011PerformanceRules,
    title = {{Performance guarantees for individualized treatment rules}},
    year = {2011},
    journal = {The Annals of Statistics},
    author = {Qian, Min and Murphy, Susan A.},
    number = {2},
    month = {4},
    pages = {1180--1210},
    volume = {39},
    publisher = {Institute of Mathematical Statistics},
    doi = {10.1214/10-aos864},
    issn = {0090-5364}
}

@misc{POT/plot_OT_2D_samples.ipynbRflamary/POT,
    title = {{POT/plot{\_}OT{\_}2D{\_}samples.ipynb at master {\textperiodcentered} rflamary/POT}},
    url = {https://github.com/rflamary/POT/blob/master/notebooks/plot_OT_2D_samples.ipynb}
}

@article{Dehejia2005PracticalTodd,
    title = {{Practical propensity score matching: a reply to Smith and Todd}},
    year = {2005},
    journal = {Journal of Econometrics},
    author = {Dehejia, Rajeev},
    pages = {355--364},
    volume = {125},
    url = {www.elsevier.com/locate/econbase},
    doi = {10.1016/j.jeconom.2004.04.012},
    keywords = {Causal inference, Labor training, Non-experimental methods, Program evaluation}
}

@article{HofmanPredictionSystems,
    title = {{Prediction and explanation in social systems}},
    author = {Hofman, Jake M and Sharma, Amit and Watts, Duncan J},
    url = {http://science.sciencemag.org/},
    doi = {10.1126/science.aal3856}
}

@misc{Dehejia2002PropensityStudies,
    title = {{Propensity score-matching methods for nonexperimental causal studies}},
    year = {2002},
    booktitle = {Review of Economics and Statistics},
    author = {Dehejia, Rajeev H. and Wahba, Sadek},
    number = {1},
    month = {2},
    pages = {151--161},
    volume = {84},
    doi = {10.1162/003465302317331982},
    issn = {00346535}
}

@misc{PythonTransport,
    title = {{Python Optimal Transport}},
    url = {https://github.com/rflamary/POT}
}

@article{Sims2016Rate-distortionPerception,
    title = {{Rate-distortion theory and human perception}},
    year = {2016},
    journal = {Cognition},
    author = {Sims, Chris R.},
    month = {7},
    pages = {181--198},
    volume = {152},
    publisher = {Elsevier B.V.},
    doi = {10.1016/j.cognition.2016.03.020},
    issn = {18737838},
    keywords = {Absolute identification, Bayesian perception, Information theory, Rate-distortion theory, Visual working memory}
}

@misc{Read-through:GAN,
    title = {{Read-through: Wasserstein GAN}},
    url = {https://www.alexirpan.com/2017/02/22/wasserstein-gan.html}
}

@article{Imbens2009RecentEvaluation,
    title = {{Recent developments in the econometrics of program evaluation}},
    year = {2009},
    journal = {Journal of Economic Literature},
    author = {Imbens, Guido W. and Wooldridge, Jeffrey M.},
    number = {1},
    month = {3},
    pages = {5--86},
    volume = {47},
    doi = {10.1257/jel.47.1.5},
    issn = {00220515}
}

@techreport{BareinboimRecoveringInference,
    title = {{Recovering from Selection Bias in Causal and Statistical Inference}},
    author = {Bareinboim, Elias and Tian, Jin and Pearl, Judea},
    url = {www.aaai.org},
    keywords = {Reasoning under Uncertainty}
}

@article{Athey2016RecursiveEffects,
    title = {{Recursive partitioning for heterogeneous causal effects}},
    year = {2016},
    journal = {Proceedings of the National Academy of Sciences of the United States of America},
    author = {Athey, Susan and Imbens, Guido},
    number = {27},
    month = {7},
    pages = {7353--7360},
    volume = {113},
    publisher = {National Academy of Sciences},
    doi = {10.1073/pnas.1510489113},
    issn = {10916490},
    pmid = {27382149},
    arxivId = {1504.01132},
    keywords = {Causal inference, Cross-validation, Heterogeneous treatment effects, Potential outcomes, Supervised machine learning}
}

@techreport{YaoRepresentationData,
    title = {{Representation Learning for Treatment Effect Estimation from Observational Data}},
    author = {Yao, Liuyi and Li, Sheng and Li, Yaliang and Huai, Mengdi and Gao, Jing and Zhang, Aidong}
}

@article{Kalibera2013RigorousTime,
    title = {{Rigorous Benchmarking in Reasonable Time}},
    year = {2013},
    author = {Kalibera, Tomas and Jones, Richard},
    pages = {20--32},
    url = {http://kar.kent.ac.uk/33611/},
    isbn = {9781450321006},
    doi = {10.1145/2464157.2464160},
    keywords = {C4 [Performance of Sys-tems]: Measurement Techniques Keywords Benchmarking methodology, Da-Capo, SPEC CPU, statistical methods}
}

@article{Greenfeld2019RobustCriterion,
    title = {{Robust learning with the Hilbert-Schmidt independence criterion}},
    year = {2019},
    author = {Greenfeld, Daniel and Shalit, Uri},
    month = {10},
    url = {http://arxiv.org/abs/1910.00270},
    arxivId = {1910.00270}
}

@misc{RobustDatadog,
    title = {{Robust Statistical Distances for Machine Learning | Datadog}},
    url = {https://www.datadoghq.com/blog/engineering/robust-statistical-distances-for-machine-learning/}
}

@article{Robins1995SemiparametricData,
    title = {{Semiparametric efficiency in multivariate regression models with missing data}},
    year = {1995},
    journal = {Journal of the American Statistical Association},
    author = {Robins, James M. and Rotnitzky, Andrea},
    number = {429},
    pages = {122--129},
    volume = {90},
    doi = {10.1080/01621459.1995.10476494},
    issn = {1537274X},
    keywords = {Correlated outcomes, Generalized estimating equations, Generalized least squares, Longitudinal studies, Missing at random}
}

@article{Lechner2013Sensitivity,
    title = {{Sensitivity of matching-based program evaluations to the availability of control variables â}},
    year = {2013},
    author = {Lechner, Michael and Wunsch, Conny},
    url = {http://dx.doi.org/10.1016/j.labeco.2013.01.004},
    doi = {10.1016/j.labeco.2013.01.004}
}

@techreport{Calder1953StatisticalInference,
    title = {{Statistical Inference}},
    year = {1953},
    author = {Calder, Kate},
    url = {https://www.asc.ohio-state.edu/calder.13/stat528/Lectures/lecture21_6slides.PDF}
}

@article{Cocco2018StatisticalNetworks,
    title = {{Statistical physics and representations in real and artificial neural networks}},
    year = {2018},
    journal = {Physica A: Statistical Mechanics and its Applications},
    author = {Cocco, S. and Monasson, R. and Posani, L. and Rosay, S. and Tubiana, J.},
    doi = {10.1016/j.physa.2017.11.153},
    issn = {03784371},
    keywords = {Continuous attractors, Machine learning, Neural network, Place cell, Principal component analysis, Restricted Boltzmann Machine}
}

@inproceedings{Kinzel2001StatisticalNetworks,
    title = {{Statistical physics of interacting neural networks}},
    year = {2001},
    booktitle = {Physica A: Statistical Mechanics and its Applications},
    author = {Kinzel, Wolfgang and Metzler, Richard and Kanter, Ido},
    number = {1-4},
    pages = {44--55},
    volume = {302},
    doi = {10.1016/S0378-4371(01)00443-5},
    issn = {03784371}
}

@inproceedings{Barron2003StatisticalNetworks,
    title = {{Statistical properties of artificial neural networks}},
    year = {2003},
    author = {Barron, A.R.},
    pages = {280--285},
    doi = {10.1109/cdc.1989.70117}
}

@techreport{Holland1986StatisticsInference,
    title = {{Statistics and Causal Inference}},
    year = {1986},
    booktitle = {Source: Journal of the American Statistical Association},
    author = {Holland, Paul W},
    number = {396},
    pages = {945--960},
    volume = {81},
    keywords = {Association, Causal effect, Causal model, Experiments, Gran-ger causality, Hill's nine factors, Koch's postulates, Mill's methods, Path diagrams, Philosophy, Probabilistic causality}
}

@techreport{Su2009SubgroupTsai,
    title = {{Subgroup Analysis via Recursive Partitioning Chih-Ling Tsai}},
    year = {2009},
    booktitle = {Journal of Machine Learning Research},
    author = {Su, Xiaogang and Edu, Cltsai@ucdavis and Wang, Hansheng and Nickerson, David M and Li, Bogong},
    pages = {141--158},
    volume = {10},
    keywords = {CART, interaction, random forests, subgroup analysis}
}

@book{vanderLaan2018TargetedScience,
    title = {{Targeted Learning in Data Science}},
    year = {2018},
    author = {van der Laan, Mark J. and Rose, Sherri},
    series = {Springer Series in Statistics},
    publisher = {Springer International Publishing},
    url = {https://www.springer.com/gp/book/9783319653037 http://link.springer.com/10.1007/978-3-319-65304-4},
    isbn = {978-3-319-65303-7},
    doi = {10.1007/978-3-319-65304-4}
}

@book{vanderLaan2018TargetedScienceb,
    title = {{Targeted Learning in Data Science}},
    year = {2018},
    author = {van der Laan, Mark J. and Rose, Sherri},
    series = {Springer Series in Statistics},
    publisher = {Springer International Publishing},
    url = {https://www.springer.com/gp/book/9783319653037 http://link.springer.com/10.1007/978-3-319-65304-4},
    isbn = {978-3-319-65303-7},
    doi = {10.1007/978-3-319-65304-4}
}

@book{vanderLaan2018TargetedData,
    title = {{Targeted Learning: Causal Inference for Observational and Experimental Data}},
    year = {2018},
    author = {van der Laan, Mark J. and Rose, Sherri},
    pages = {1--656},
    isbn = {9780387775005},
    doi = {10.1007/978-0-387-98135-2},
    issn = {01727397},
    pmid = {15772297},
    keywords = {inger series in statistics}
}

@article{VanDerLaan2010TargetedI,
    title = {{Targeted maximum likelihood based causal inference: Part I}},
    year = {2010},
    journal = {International Journal of Biostatistics},
    author = {Van Der Laan, Mark J.},
    number = {2},
    volume = {6},
    doi = {10.2202/1557-4679.1211},
    issn = {15574679},
    keywords = {Causal effect, Causal graph, Censored data, Collaborative double robust, Cross-validation, Double robust, Dynamic treatment regimens, Efficient influence curve, Estimating function, Estimator selection, Locally efficient, Loss function}
}

@article{Luque-Fernandez2018TargetedTutorial,
    title = {{Targeted maximum likelihood estimation for a binary treatment: A tutorial}},
    year = {2018},
    journal = {Statistics in Medicine},
    author = {Luque-Fernandez, Miguel Angel and Schomaker, Michael and Rachet, Bernard and Schnitzer, Mireille E.},
    number = {16},
    month = {7},
    pages = {2530--2546},
    volume = {37},
    publisher = {John Wiley and Sons Ltd},
    doi = {10.1002/sim.7628},
    issn = {10970258},
    keywords = {causal inference, ensemble Learning, machine learning, observational studies, targeted maximum likelihood estimation}
}

@article{Huang2010TestingCorrelation,
    title = {{Testing conditional independence using maximal nonlinear conditional correlation}},
    year = {2010},
    journal = {Annals of Statistics},
    author = {Huang, Tzee Ming},
    number = {4},
    month = {8},
    pages = {2047--2091},
    volume = {38},
    doi = {10.1214/09-AOS770},
    issn = {00905364},
    keywords = {Conditional independence test, Measure of association, Measure of conditional association}
}

@article{Fraker1987ThePrograms,
    title = {{The Adequacy of Comparison Group Designs for Evaluations of Employment-Related Programs}},
    year = {1987},
    journal = {The Journal of Human Resources},
    author = {Fraker, Thomas and Maynard, Rebecca},
    number = {2},
    pages = {194},
    volume = {22},
    publisher = {JSTOR},
    doi = {10.2307/145902},
    issn = {0022166X}
}

@article{Wang2018TheCauses,
    title = {{The Blessings of Multiple Causes}},
    year = {2018},
    author = {Wang, Yixin and Blei, David M.},
    month = {5},
    url = {http://arxiv.org/abs/1805.06826},
    arxivId = {1805.06826}
}

@article{Rosenbaum1983TheEffects,
    title = {{The central role of the propensity score in observational studies for causal effects}},
    year = {1983},
    journal = {Biometrika},
    author = {Rosenbaum, Paul R. and Rubin, Donald B.},
    number = {1},
    pages = {41--55},
    volume = {70},
    url = {https://academic.oup.com/biomet/article-lookup/doi/10.1093/biomet/70.1.41},
    doi = {10.1093/biomet/70.1.41},
    issn = {00063444},
    keywords = {Covariance adjustment, Direct adjustment, Discriminant matching, Matched sampling, Nonrandomized study, Standardization, Stratification, Subclassification}
}

@misc{Strouse2017TheBottleneck,
    title = {{The Deterministic Information Bottleneck}},
    year = {2017},
    booktitle = {Neural Computation},
    author = {Strouse, D. J. and Schwab, David J.},
    doi = {10.1162/NECO{\_}a{\_}00961},
    issn = {1530888X}
}

@article{Marzen2017TheCompression,
    title = {{The evolution of lossy compression}},
    year = {2017},
    journal = {Journal of the Royal Society Interface},
    author = {Marzen, Sarah E. and DeDeo, Simon},
    number = {130},
    month = {5},
    volume = {14},
    publisher = {Royal Society},
    doi = {10.1098/rsif.2017.0166},
    issn = {17425662},
    arxivId = {1506.06138},
    keywords = {Information theory, Lossy compression, Neuroscience, Perception, Rate-distortion, Signalling}
}

@article{Brooks-Gunn1991TheProgram,
    title = {{The learning, physical, and emotional environment of the home in the context of poverty: The infant health and development program}},
    year = {1991},
    journal = {Children and Youth Services Review},
    author = {Brooks-Gunn, Jeanne and Klebanov, Pamela Kato and Liaw, Fong ruey},
    number = {1-2},
    pages = {251--276},
    volume = {17},
    doi = {10.1016/0190-7409(95)00011-Z},
    issn = {01907409}
}

@article{Huber2013TheScore,
    title = {{The performance of estimators based on the propensity score}},
    year = {2013},
    journal = {Journal of Econometrics},
    author = {Huber, Martin and Lechner, Michael and Wunsch, Conny},
    pages = {1--21},
    volume = {175},
    url = {www.elsevier.com/locate/jeconom},
    doi = {10.1016/j.jeconom.2012.11.006},
    keywords = {Empirical Monte Carlo study, Finite sample properties, Inverse probability tilting, Inverse probability weighting, Kernel matching, Propensity score matching, Selection on observables}
}

@article{Pearl2018TheLearning,
    title = {{The Seven Tools of Causal Inference  with Reflections on Machine Learning}},
    year = {2018},
    author = {Pearl, Judea},
    url = {https://doi.org/10.1145/},
    doi = {10.1145/nnnnnnn.nnnnnnn}
}

@inproceedings{Athey2017TheEvaluation,
    title = {{The state of applied econometrics: Causality and policy evaluation}},
    year = {2017},
    booktitle = {Journal of Economic Perspectives},
    author = {Athey, Susan and Imbens, Guido W.},
    number = {2},
    month = {3},
    pages = {3--32},
    volume = {31},
    publisher = {American Economic Association},
    doi = {10.1257/jep.31.2.3},
    issn = {08953309},
    arxivId = {1607.00699}
}

@article{Kunzel2018TransferNetworks,
    title = {{Transfer Learning for Estimating Causal Effects using Neural Networks}},
    year = {2018},
    author = {K{\"{u}}nzel, SÃ¶ren R. and Stadie, Bradly C. and Vemuri, Nikita and Ramakrishnan, Varsha and Sekhon, Jasjeet S. and Abbeel, Pieter},
    month = {8},
    url = {http://arxiv.org/abs/1808.07804},
    arxivId = {1808.07804}
}

@inproceedings{Zhang2017TransferApproach,
    title = {{Transfer learning in multi-armed bandit: A causal approach}},
    year = {2017},
    booktitle = {Proceedings of the International Joint Conference on Autonomous Agents and Multiagent Systems, AAMAS},
    author = {Zhang, Junzhe and Bareinboim, Elias},
    volume = {3},
    isbn = {9781510855076}
}

@techreport{PearlTransportability,
    title = {{Transportability of Causal and Statistical Relations: A Formal Approach *}},
    author = {Pearl, Judea and Bareinboim, Elias},
    url = {www.aaai.org},
    keywords = {Knowledge Representation and Reasoning}
}

@misc{Tutorial:YouTube,
    title = {{Tutorial: Introduction to Optimization - YouTube}},
    url = {https://www.youtube.com/watch?v=PoTpmjvHxlg}
}

@misc{Uber/causalml:Algorithms,
    title = {{uber/causalml: Uplift modeling and causal inference with machine learning algorithms}},
    url = {https://github.com/uber/causalml}
}

@article{Deaton2018UnderstandingTrials,
    title = {{Understanding and misunderstanding randomized controlled trials}},
    year = {2018},
    journal = {Social Science and Medicine},
    author = {Deaton, Angus and Cartwright, Nancy},
    month = {8},
    pages = {2--21},
    volume = {210},
    publisher = {Elsevier Ltd},
    doi = {10.1016/j.socscimed.2017.12.005},
    issn = {18735347},
    keywords = {Balance, Bias, Economic development, External validity, Health, Precision, RCTs, Transportation of results}
}

@techreport{WeiKoh2017UnderstandingFunctions,
    title = {{Understanding Black-box Predictions via Influence Functions}},
    year = {2017},
    author = {Wei Koh, Pang and Liang, Percy},
    arxivId = {1703.04730v2}
}

@techreport{Mesnil2012UnsupervisedApproach,
    title = {{Unsupervised and Transfer Learning Challenge: a Deep Learning Approach}},
    year = {2012},
    author = {Mesnil, GrÃ©goire and Dauphin, Yann and Glorot, Xavier and Rifai, Salah and Bengio, Yoshua and Goodfellow, Ian and Lavoie, Erick and Muller, Xavier and Desjardins, Guillaume and Warde-Farley, David and Vincent, Pascal and Courville, Aaron and Bergstra, James},
    pages = {97--111},
    volume = {27},
    url = {http://scikits.appspot.com/},
    keywords = {Auto-Encoders, Deep Learning, Denoising Auto-Encoders, Neural Networks, Restricted Boltzmann Machines, Transfer Learning, Unsupervised Learning}
}

@article{Alexandrou2019UnsupervisedModel,
    title = {{Unsupervised identification of the phase transition on the 2D-Ising model}},
    year = {2019},
    author = {Alexandrou, Constantia and Athenodorou, Andreas and Chrysostomou, Charalambos and Paul, Srijit},
    month = {3},
    url = {http://arxiv.org/abs/1903.03506},
    arxivId = {1903.03506}
}

@techreport{VeitchUsingNetworks,
    title = {{Using Embeddings to Correct for Unobserved Confounding in Networks}},
    author = {Veitch, Victor and Wang, Yixin and Blei, David M},
    arxivId = {1902.04114v2}
}

@article{Lee2016VariableIndependence,
    title = {{Variable selection via additive conditional independence}},
    year = {2016},
    journal = {Journal of the Royal Statistical Society. Series B: Statistical Methodology},
    author = {Lee, Kuang Yao and Li, Bing and Zhao, Hongyu},
    doi = {10.1111/rssb.12150},
    issn = {14679868},
    keywords = {Additive covariance operator, Heterogeneity, Lasso, Regression operator, Reproducing kernel Hilbert space, Sparsity, Variable selection consistency}
}

@article{Fisher2018VisuallyFunctions,
    title = {{Visually Communicating and Teaching Intuition for Influence Functions}},
    year = {2018},
    author = {Fisher, Aaron and Kennedy, Edward H.},
    month = {10},
    url = {http://arxiv.org/abs/1810.03260},
    arxivId = {1810.03260}
}

@misc{WassersteinHerrmann,
    title = {{Wasserstein GAN and the Kantorovich-Rubinstein Duality - Vincent Herrmann}},
    url = {https://vincentherrmann.github.io/blog/wasserstein/}
}